<?xml version="1.0" encoding="UTF-8"?><collection xmlns="http://www.loc.gov/MARC21/slim"><record><leader>00501nam--2200145-i-4500</leader><controlfield tag="001">000008277</controlfield><controlfield tag="002">20161230</controlfield><controlfield tag="005">20161230201027</controlfield><controlfield tag="008">060222s1000------------r-----000-0-eng-d</controlfield><datafield ind1=" " ind2=" " tag="080"><subfield code="a">541.15:541.64</subfield></datafield><datafield ind1=" " ind2=" " tag="100"><subfield code="a">Anderson, Dorothy Et Chaplin, A.H</subfield></datafield><datafield ind1=" " ind2=" " tag="245"><subfield code="a">Expose des principes adopte par la conference internationale sur les principes de catalogage paris, octobre 1961. edition annotee avec un commentaire et des exemples</subfield></datafield><datafield ind1=" " ind2=" " tag="260"><subfield code="a">Kent, Fiab, 1966 59 P</subfield></datafield><datafield ind1=" " ind2=" " tag="490"><subfield code="a">High Polymers</subfield></datafield><datafield ind1=" " ind2=" " tag="852"><subfield code="a">27712</subfield></datafield></record></collection>